@inproceedings{onion,
     author = {Cao, Lei and Wei, Mingrui and Yang, Di and Rundensteiner, Elke A.},
      title = {Online Outlier Exploration Over Large Datasets},
       booktitle = {Proceedings of the 21th ACM SIGKDD International Conference on Knowledge Discovery and Data Mining},
         year = {2015},
} 
 @article{dolphin,
      author = {Angiulli, Fabrizio and Fassetti, Fabio},
       title = {DOLPHIN: An Efficient Algorithm for Mining Distance-based Outliers in Very Large Datasets},
        journal = {ACM Transactions on Knowledge Discovery from Data},
             year = {2009},
 } 
@inproceedings{kriegeldefinitions,
    author = {Kriegel, Hans-Peter and Kr\"oger, Peer and Zimek, Arthur},
    title = {Outlier detection techniques},
    booktitle  = {The SIAM International Conference on Data Mining},
    year = {2010}
}
@inproceedings{parallel_knn,
      title={Efficient parallel kNN joins for large data in MapReduce},
        author={Zhang, Chi and Li, Feifei and Jestes, Jeffrey},
          booktitle={Proceedings of the 15th International Conference on Extending Database Technology},
              year={2012},
}
@article{curse_of_dimensionality,
    author = {Zimek, Arthur and Schubert, Erich and Kriegel, Hans-Peter},
    title = {A survey on unsupervised outlier detection in high-dimensional numerical data},
    journal = {Statistical Analysis and Data Mining},
    volume = {5},
    number = {5},
    pages = {363--387},
    year = {2012},
}
@article{outlier_definitions,
      title={A survey of outlier detection methodologies},
        author={Hodge, Victoria J and Austin, Jim},
          journal={Artificial Intelligence Review},
            volume={22},
              number={2},
                pages={85--126},
                  year={2004},
                    publisher={Springer}
}
@book{cormen,
      title={Introduction to algorithms},
        author={Cormen, Thomas H},
          year={2009},
            publisher={MIT press}
}
@INPROCEEDINGS{creditfraud,
    author={Yufeng Kou and Chang-Tien Lu and Sirwongwattana, S. and Yo-Ping Huang},
    booktitle={2004 IEEE International Conference on Networking, Sensing and Control},
    title={Survey of fraud detection techniques},
    year={2004},
    volume={2},
    pages={749-754 Vol.2},
    doi={10.1109/ICNSC.2004.1297040},
    ISSN={1810-7869},
    month={},}
@incollection{intrusion,
    year={2010},
    isbn={978-3-642-00579-4},
    booktitle={Advances in Knowledge Discovery and Management},
    volume={292},
    series={Studies in Computational Intelligence},
    title={Mining Common Outliers for Intrusion Detection},
    author={Singh, Goverdhan and Masseglia, Florent and Fiot, CÃ©line and Marascu, Alice and Poncelet, Pascal},
    pages={217-234},
    language={English}
}
@inproceedings{datacleaning,
      title={Outlier detection using clustering methods: a data cleaning application},
        author={Loureiro, Antonio and Torgo, Luis and Soares, Carlos},
          booktitle={Proceedings of KDNet Symposium on Knowledge-based systems for the Public Sector},
            year={2004}
}
@article{weather,
      title={Graph-based approach for outlier detection in sequential data and its application on stock market and weather data},
        author={Rahmani, Ali and Afra, Salim and Zarour, Omar and Addam, Omar and Koochakzadeh, Negar and Kianmehr, Keivan and Alhajj, Reda and Rokne, Jon},
          journal={Knowledge-Based Systems},
            volume={61},
              pages={89--97},
                year={2014},
}

