@inproceedings{onion,
     author = {Cao, Lei and Wei, Mingrui and Yang, Di and Rundensteiner, Elke A.},
      title = {Online Outlier Exploration Over Large Datasets},
       booktitle = {Proceedings of the 21th ACM SIGKDD International Conference on Knowledge Discovery and Data Mining},
        series = {KDD '15},
         year = {2015},
          isbn = {978-1-4503-3664-2},
           location = {Sydney, NSW, Australia},
            pages = {89--98},
             numpages = {10},
              url = {http://doi.acm.org/10.1145/2783258.2783387},
               doi = {10.1145/2783258.2783387},
                acmid = {2783387},
                 publisher = {ACM},
                  address = {New York, NY, USA},
                   keywords = {online exploration, outlier, parameter setting},
} 
 @article{dolphin,
      author = {Angiulli, Fabrizio and Fassetti, Fabio},
       title = {DOLPHIN: An Efficient Algorithm for Mining Distance-based Outliers in Very Large Datasets},
        journal = {ACM Trans. Knowl. Discov. Data},
         issue_date = {March 2009},
          volume = {3},
           number = {1},
            month = mar,
             year = {2009},
              issn = {1556-4681},
               pages = {4:1--4:57},
                articleno = {4},
                 numpages = {57},
                  url = {http://doi.acm.org/10.1145/1497577.1497581},
                   doi = {10.1145/1497577.1497581},
                    acmid = {1497581},
                     publisher = {ACM},
                      address = {New York, NY, USA},
                       keywords = {Data mining, distance-based outliers, outlier detection},
 } 
@misc{kriegeldefinitions,
    author = {Kriegel, Hans-Peter and Kr\"oger, Peer and Zimek, Arthur},
    title = {Outlier detection techniques},
    conference = {The SIAM International Conference on Data Mining},
    year = {2010}
}
@inproceedings{parallel_knn,
      title={Efficient parallel kNN joins for large data in MapReduce},
        author={Zhang, Chi and Li, Feifei and Jestes, Jeffrey},
          booktitle={Proceedings of the 15th International Conference on Extending Database Technology},
            pages={38--49},
              year={2012},
                organization={ACM}
}
@article{curse_of_dimensionality,
    author = {Zimek, Arthur and Schubert, Erich and Kriegel, Hans-Peter},
    title = {A survey on unsupervised outlier detection in high-dimensional numerical data},
    journal = {Statistical Analysis and Data Mining},
    volume = {5},
    number = {5},
    publisher = {Wiley Subscription Services, Inc., A Wiley Company},
    issn = {1932-1872},
    url = {http://dx.doi.org/10.1002/sam.11161},
    doi = {10.1002/sam.11161},
    pages = {363--387},
    year = {2012},
}
@article{outlier_definitions,
      title={A survey of outlier detection methodologies},
        author={Hodge, Victoria J and Austin, Jim},
          journal={Artificial Intelligence Review},
            volume={22},
              number={2},
                pages={85--126},
                  year={2004},
                    publisher={Springer}
}
@book{cormen,
      title={Introduction to algorithms},
        author={Cormen, Thomas H},
          year={2009},
            publisher={MIT press}
}
@INPROCEEDINGS{creditfraud,
    author={Yufeng Kou and Chang-Tien Lu and Sirwongwattana, S. and Yo-Ping Huang},
    booktitle={Networking, Sensing and Control, 2004 IEEE International Conference on},
    title={Survey of fraud detection techniques},
    year={2004},
    volume={2},
    pages={749-754 Vol.2},
    doi={10.1109/ICNSC.2004.1297040},
    ISSN={1810-7869},
    month={},}
@incollection{intrusion,
    year={2010},
    isbn={978-3-642-00579-4},
    booktitle={Advances in Knowledge Discovery and Management},
    volume={292},
    series={Studies in Computational Intelligence},
    editor={Guillet, Fabrice and Ritschard, Gilbert and Zighed, DjamelAbdelkader and Briand, Henri},
    doi={10.1007/978-3-642-00580-0_13},
    title={Mining Common Outliers for Intrusion Detection},
    url={http://dx.doi.org/10.1007/978-3-642-00580-0_13},
    publisher={Springer Berlin Heidelberg},
    author={Singh, Goverdhan and Masseglia, Florent and Fiot, CÃ©line and Marascu, Alice and Poncelet, Pascal},
    pages={217-234},
    language={English}
}
@inproceedings{datacleaning,
      title={Outlier detection using clustering methods: a data cleaning application},
        author={Loureiro, Antonio and Torgo, Luis and Soares, Carlos},
          booktitle={Proceedings of KDNet Symposium on Knowledge-based systems for the Public Sector},
            year={2004}
}
@article{weather,
      title={Graph-based approach for outlier detection in sequential data and its application on stock market and weather data},
        author={Rahmani, Ali and Afra, Salim and Zarour, Omar and Addam, Omar and Koochakzadeh, Negar and Kianmehr, Keivan and Alhajj, Reda and Rokne, Jon},
          journal={Knowledge-Based Systems},
            volume={61},
              pages={89--97},
                year={2014},
                  publisher={Elsevier}
}

